@article{timmerer2016advanced,
  title={Advanced Transport Options for the Dynamic Adaptive Streaming over HTTP},
  author={Timmerer, Christian and Bertoni, Alan},
  journal={arXiv preprint arXiv:1606.00264},
  year={2016}
}

@inproceedings{szabo2016media,
  title={Media QoE enhancement With QUIC},
  author={Szab{\'o}, G{\'e}za and R{\'a}cz, S{\'a}ndor and Bezzera, Daniel and Nogueira, Igor and Sadok, Djamel},
  booktitle={Computer Communications Workshops (INFOCOM WKSHPS), 2016 IEEE Conference on},
  pages={219--220},
  year={2016},
  organization={IEEE}
}
